@inproceedings{Focardi2018NeuralCO,
  title={Neural Cryptanalysis of Classical Ciphers},
  author={Riccardo Focardi and Flaminia L. Luccio},
  booktitle={Italian Conference on Theoretical Computer Science},
  year={2018},
  url={https://api.semanticscholar.org/CorpusID:53430297}
}


@misc{gromov2023,
      title={Grokking modular arithmetic}, 
      author={Andrey Gromov},
      year={2023},
      eprint={2301.02679},
      archivePrefix={arXiv},
      primaryClass={cs.LG},
      url={https://arxiv.org/abs/2301.02679}, 
}

@misc{cryptoeprint:2023/1391,
      author = {Zhenzhen Bao and Jinyu Lu and Yiran Yao and Liu Zhang},
      title = {More Insight on Deep Learning-aided Cryptanalysis},
      howpublished = {Cryptology {ePrint} Archive, Paper 2023/1391},
      year = {2023},
      url = {https://eprint.iacr.org/2023/1391}
}

@misc{saxena2024teachingtransformersmodulararithmetic,
      title={Teaching Transformers Modular Arithmetic at Scale}, 
      author={Eshika Saxena and Alberto Alfarano and Emily Wenger and Kristin Lauter},
      year={2024},
      eprint={2410.03569},
      archivePrefix={arXiv},
      primaryClass={cs.LG},
      url={https://arxiv.org/abs/2410.03569}, 
}